
@book{haines_ray_nodate,
	title = {Ray Tracing Gems},
	url = {https://link.springer.com/book/10.1007/978-1-4842-4427-2},
	abstract = {This book is a must-have for anyone serious about rendering in real time. Experts in rendering share their knowledge by explaining everything from nitty-gritty techniques that will improve any ray tracer to mastery of the new capabilities of current and future hardware.},
	author = {Haines, Eric},
	urldate = {2022-10-22},
	langid = {english},
}

@online{shirley_ray_2020,
	title = {Ray Tracing: The Rest of Your Life},
	url = {https://raytracing.github.io/books/RayTracingTheRestOfYourLife.html},
	author = {Shirley, Peter},
	date = {2020-12},
}

@online{shirley_ray_2020-1,
	title = {Ray Tracing: The Next Week},
	url = {https://raytracing.github.io/books/RayTracingTheNextWeek.html},
	author = {Shirley, Peter},
	date = {2020-12},
}

@online{shirley_ray_2020-2,
	title = {Ray Tracing in One Weekend},
	url = {https://raytracing.github.io/books/RayTracingInOneWeekend.html},
	author = {Shirley, Peter},
	date = {2020-12},
}
